@online{web_filter2D,
	author = {-},
	title = {Making your own linear filters! },
	year = {-},
	url = {https://docs.opencv.org/3.4/d4/dbd/tutorial_filter_2d.html},
	urldate = {18-11-2024},
}

@online{web_template_matching,
	author = {-},
	title = {Template Matching},
	year = {-},
	url = {https://docs.opencv.org/3.4/d4/dc6/tutorial_py_template_matching.html},
	urldate = {18-11-2024},
}

@online{web_findContours,
	author = {-},
	title = {OpenCV Documentation findContours()},
	year = {-},
	url = {https://docs.opencv.org/3.4/d3/dc0/group__imgproc__shape.html#ga17ed9f5d79ae97bd4c7cf18403e1689a},
	urldate = {28-11-2024},
}

@online{web_matchTemplate,
	author = {-},
	title = {OpenCV Documentation matchTemplate()},
	year = {-},
	url = {https://docs.opencv.org/3.4/df/dfb/group__imgproc__object.html#ga586ebfb0a7fb604b35a23d85391329be},
	urldate = {28-11-2024},
}

@online{comparison_methods,
	author = {-},
	title = {matchTemplate() comparison methods},
	year = {-},
	url = {https://docs.opencv.org/3.4/df/dfb/group__imgproc__object.html#ga3a7850640f1fe1f58fe91a2d7583695d},
	urldate = {28-11-2024},
}

@article{art_findContours_algorithm,
    author = {Satoshi Suzuki and others},
    title = {Topological structural analysis of digitized binary images by border following},
    journal = {Computer Vision, Graphics, and Image Processing - 30(1):32–46},
    year = {1985}
}

@article{art_approx_Poly_DP_algorithm,
    author = {David H Douglas and Thomas K Peucker},
    title = {Algorithms for the reduction of the number of points required to represent a digitized line or its caricature},
    journal = {Cartographica: The International Journal for Geographic Information and Geovisualization - 10 (2): 112–122},
    year = {1973}
}
@article{og_paper,
  author = {Andres Waldvogel},
  journal = {},
  number = {},
  title = {},
  volume = {},
  year = {}
}